grep-reinvented.bib

@article{mcilroy1987research,
  title={A Research Unix reader: annotated excerpts from the Programmer?s Manual, 1971--1986 (PDF)(Technical report)},
  author={McIlroy, MD},
  journal={CSTR. Bell Labs},
  volume={139},
  year={1987}
}

@article{hume1988tale,
  title={A tale of two greps},
  author={Hume, Andrew},
  journal={Software: Practice and Experience},
  volume={18},
  number={11},
  pages={1063--1072},
  year={1988},
  publisher={Wiley Online Library}
}

@inproceedings{cameron2008high,
  title={High performance XML parsing using parallel bit stream technology},
  author={Cameron, Robert D and Herdy, Kenneth S and Lin, Dan},
  booktitle={Proceedings of the 2008 conference of the center for advanced studies on collaborative research: meeting of minds},
  pages={17},
  year={2008},
  organization={ACM}
}

@inproceedings{cameron2011parallel,
  title={Parallel scanning with bitstream addition: An xml case study},
  author={Cameron, Robert D and Amiri, Ehsan and Herdy, Kenneth S and Lin, Dan and Shermer, Thomas C and Popowich, Fred P},
  booktitle={European Conference on Parallel Processing},
  pages={2--13},
  year={2011},
  organization={Springer}
}

@article{peace2010exact,
  title={Exact string matching for MS/MS protein identification using the Cell Broadband Engine},
  author={Peace, Robert J and Mahmoud, H and Green, James Robert},
  journal={CMBES Proceedings},
  volume={33},
  year={2010}
}

@inproceedings{cameron2015bitwise,
  title={Bitwise data parallelism with llvm: The icgrep case study},
  author={Cameron, Robert D and Medforth, Nigel and Lin, Dan and Denis, Dale and Sumner, William N},
  booktitle={International Conference on Algorithms and Architectures for Parallel Processing},
  pages={373--387},
  year={2015},
  organization={Springer}
}

@inproceedings{cameron2009parallel,
  title={Parallel bit stream technology as a foundation for XML parsing performance},
  author={Cameron, Rob and Herdy, Ken and Amiri, Ehsan},
  booktitle={Balisage: The Markup Conference},
  year={2009}
}

@inproceedings{cameron2014bitwise,
  title={Bitwise data parallelism in regular expression matching},
  author={Cameron, Robert D and Shermer, Thomas C and Shriraman, Arrvindh and Herdy, Kenneth S and Lin, Dan and Hull, Benjamin R and Lin, Meng},
  booktitle={2014 23rd International Conference on Parallel Architecture and Compilation Techniques (PACT)},
  pages={139--150},
  year={2014},
  organization={IEEE}
}

@article{cameron2009architectural,
  title={Architectural support for SWAR text processing with parallel bit streams: the inductive doubling principle},
  author={Cameron, Robert D and Lin, Dan},
  journal={ACM Sigplan Notices},
  volume={44},
  number={3},
  pages={337--348},
  year={2009},
  publisher={ACM}
}

@inproceedings{cameron2008case,
  title={A case study in SIMD text processing with parallel bit streams: UTF-8 to UTF-16 transcoding},
  author={Cameron, Robert D},
  booktitle={Proceedings of the 13th ACM SIGPLAN Symposium on Principles and practice of parallel programming},
  pages={91--98},
  year={2008},
  organization={ACM}
}

@inproceedings{medforth2013icxml,
  title={icXML: Accelerating a commercial XML parser using SIMD and multicore technologies},
  author={Medforth, Nigel and Lin, Dan and Herdy, Kenneth and Cameron, Rob and Shriraman, Arrvindh},
  booktitle={Balisage: The Markup Conference},
  pages={6--9},
  year={2013}
}

@article{li2017mison,
  title={Mison: a fast JSON parser for data analytics},
  author={Li, Yinan and Katsipoulakis, Nikos R and Chandramouli, Badrish and Goldstein, Jonathan and Kossmann, Donald},
  journal={Proceedings of the VLDB Endowment},
  volume={10},
  number={10},
  pages={1118--1129},
  year={2017},
  publisher={VLDB Endowment}
}

@inproceedings{lin2012parabix,
  title={Parabix: Boosting the efficiency of text processing on commodity processors},
  author={Lin, Dan and Medforth, Nigel and Herdy, Kenneth S and Shriraman, Arrvindh and Cameron, Rob},
  booktitle={IEEE International Symposium on High-Performance Comp Architecture},
  pages={1--12},
  year={2012},
  organization={IEEE}
}

@article{davis2016unicode,
  title={Unicode regular expressions},
  author={Davis, Mark and Heninger, Andy},
  journal={Unicode Technical Recommendation},
  number={18},
  year={2016},
  publisher={Unicode Consortium}
}

@article{navarro2001nr,
  title={NR-grep: a fast and flexible pattern-matching tool},
  author={Navarro, Gonzalo},
  journal={Software: Practice and Experience},
  volume={31},
  number={13},
  pages={1265--1312},
  year={2001},
  publisher={Wiley Online Library}
}

@inproceedings{wu1992agrep,
  title={Agrep--a fast approximate pattern-matching tool},
  author={Wu, Sun and Manber, Udi},
  booktitle={Usenix Winter 1992 Technical Conference},
  pages={153--162},
  year={1992}
}

@inproceedings{kirrage2013static,
  title={Static analysis for regular expression denial-of-service attacks},
  author={Kirrage, James and Rathnayake, Asiri and Thielecke, Hayo},
  booktitle={International Conference on Network and System Security},
  pages={135--148},
  year={2013},
  organization={Springer}
}